@book{Canuto2007,
  title={Spectral methods: fundamentals in single domains},
  author={Canuto, Claudio and Hussaini, M Yousuff and Quarteroni, Alfio and Zang, Thomas A},
  year={2007},
  publisher={Springer Science \& Business Media}
}


@article{BM2001,
  title={Composition in fractional {S}obolev spaces},
  author={Brezis, Haim and Mironescu, Petru},
  journal={Discrete \& Continuous Dynamical Systems-A},
  volume={7},
  number={2},
  pages={241},
  year={2001},
  publisher={American Institute of Mathematical Sciences}
}

@misc{li2020neural,
      title={Neural Operator: {G}raph Kernel Network for Partial Differential Equations}, 
      author={Zongyi Li and Nikola Kovachki and Kamyar Azizzadenesheli and Burigede Liu and Kaushik Bhattacharya and Andrew Stuart and Anima Anandkumar},
      year={2020},
      eprint={2003.03485},
      archivePrefix={arXiv},
      primaryClass={cs.LG}
}

@article{bhattacharya2020model,
     author = {Kaushik Bhattacharya and Bamdad Hosseini and Nikola B. Kovachki and Andrew M. Stuart},
     title = {Model Reduction And Neural Networks For Parametric {PDE}s},
     journal = {The SMAI journal of computational mathematics},
     pages = {121--157},
     publisher = {Soci\'et\'e de Math\'ematiques Appliqu\'ees et Industrielles},
     volume = {7},
     year = {2021},
     doi = {10.5802/smai-jcm.74},
     language = {en},
     url = {https://smai-jcm.centre-mersenne.org/articles/10.5802/smai-jcm.74/}
}

@misc{LMK2021,
      title={Error estimates for {DeepOnets}: {A} deep learning framework in infinite dimensions}, 
      author={Samuel Lanthaler and Siddhartha Mishra and George Em Karniadakis},
      year={2021},
      eprint={2102.09618},
      archivePrefix={arXiv},
      primaryClass={math.NA}
}

@misc{nelsen2020random,
      title={The Random Feature Model for Input-Output Maps between {B}anach Spaces}, 
      author={Nicholas H. Nelsen and Andrew M. Stuart},
      year={2020},
      eprint={2005.10224},
      archivePrefix={arXiv},
      primaryClass={math.NA}
}

@misc{li2020multipole,
      title={Multipole Graph Neural Operator for Parametric Partial Differential Equations}, 
      author={Zongyi Li and Nikola Kovachki and Kamyar Azizzadenesheli and Burigede Liu and Kaushik Bhattacharya and Andrew Stuart and Anima Anandkumar},
      year={2020},
      eprint={2006.09535},
      archivePrefix={arXiv},
      primaryClass={cs.LG}
}

@inproceedings{fourierop2020,
title={Fourier Neural Operator for Parametric Partial Differential Equations},
author={Zongyi Li and Nikola Borislavov Kovachki and Kamyar Azizzadenesheli and Burigede liu and Kaushik Bhattacharya and Andrew Stuart and Anima Anandkumar},
booktitle={International Conference on Learning Representations},
year={2021},
url={https://openreview.net/forum?id=c8P9NQVtmnO}
}

@book{MB2001, 
place={Cambridge}, 
series={Cambridge Texts in Applied Mathematics}, 
title={Vorticity and Incompressible Flow}, 
DOI={10.1017/CBO9780511613203}, 
publisher={Cambridge University Press}, 
author={Majda, Andrew J. and Bertozzi, Andrea L.}, 
year={2001}, 
collection={Cambridge Texts in Applied Mathematics}}


@article{GottliebWang2012,
  title={Stability and convergence analysis of fully discrete {F}ourier collocation spectral method for 3-{D} viscous {B}urgersâ€™ equation},
  author={Gottlieb, Sigal and Wang, Cheng},
  journal={Journal of Scientific Computing},
  volume={53},
  number={1},
  pages={102--128},
  year={2012},
  publisher={Springer}
}


@article{GuoZou2003,
  title={Fourier spectral projection method and nonlinear convergence analysis for {N}avier--{S}tokes equations},
  author={Guo, Ben Yu and Zou, Jun},
  journal={Journal of mathematical analysis and applications},
  volume={282},
  number={2},
  pages={766--791},
  year={2003},
  publisher={Elsevier}
}


@article{DLnat,
  title={Deep learning},
  author={LeCun, Yann and Bengio, Yoshua and Hinton, Geoffrey},
  journal={Nature},
  volume={521},
  number={7553},
  pages={436--444},
  year={2015},
  publisher={Nature Publishing Group},
}

@article{KAR1,
  title={Hidden physics models: {M}achine learning of nonlinear partial differential equations},
  author={Raissi, Maziar and Karniadakis, George Em},
  journal={Journal of Computational Physics},
  volume={357},
  pages={125--141},
  year={2018},
  publisher={Elsevier},
}


@article{KAR2,
author={M. Raissi and P. Perdikaris and G. E. Karniadakis},
journal={Journal of Computational Physics},
title={Physics-informed neural networks: {A} deep
learning framework for solving forward and inverse problems involving nonlinear partial
differential equations},
volume={378},
pages={686-707},
year={2019},
}

@unpublished{MM1,
author={S. Mishra and R. Molinaro},
title={Estimates on the generalization error of Physics Informed Neural Networks ({PINN}s) for approximating {PDE}s},
note={Preprint, available from arXiv:2006:16144v1},
year={2020},
}


@unpublished{MM2,
author={S. Mishra and R. Molinaro},
title={Estimates on the generalization error of Physics Informed Neural Networks ({PINN}s) for approximating {PDE}s {II}: {A} class of inverse problems},
note={Preprint, available from arXiv:2007:01138v1},
year={2020},
}

@article{HEJ1,
  title={Deep learning-based numerical methods for high-dimensional parabolic partial differential equations and backward stochastic differential equations},
  author={E, Weinan and Han, Jiequn and Jentzen, Arnulf},
  journal={Communications in Mathematics and Statistics},
  volume={5},
  number={4},
  pages={349--380},
  year={2017},
  publisher={Springer},
}

@article{Kuty,
  title={A theoretical analysis of deep neural networks and parametric PDEs},
  author={Kutyniok, Gitta and Petersen, Philipp and Raslan, Mones and Schneider, Reinhold},
  journal={Constructive Approximation},
  pages={1--53},
  year={2021},
  publisher={Springer}
}

@article{SchwabZech2019,
  title={Deep learning in high dimension: {N}eural network expression rates for generalized polynomial chaos expansions in {UQ}},
  author={Schwab, Christoph and Zech, Jakob},
  journal={Analysis and Applications},
  volume={17},
  number={01},
  pages={19--55},
  year={2019},
  publisher={World Scientific}
}


@article{LMR1,
  title={Deep learning observables in computational fluid dynamics},
  author={Lye, Kjetil O and Mishra, Siddhartha and Ray, Deep},
  journal={Journal of Computational Physics},
  pages={109339},
  year={2020},
  publisher={Elsevier},
}

@article{LMRS1,
  title={Iterative surrogate model optimization (ISMO): An active learning algorithm for PDE constrained optimization with deep neural networks},
  author={Lye, Kjetil O and Mishra, Siddhartha and Ray, Deep and Chandrashekar, Praveen},
  journal={Computer Methods in Applied Mechanics and Engineering},
  volume={374},
  pages={113575},
  year={2021},
  publisher={Elsevier}
}

@book{DLbook,
  title={Deep learning},
  author={Goodfellow, Ian and Bengio, Yoshua and Courville, Aaron},
  year={2016},
  publisher={MIT press},
}

@article{BAR1,
author={A. R. Barron},
journal={IEEE Trans. Inform. Theory.},
title={Universal approximation bounds for superpositions of a sigmoidal function},
volume={39},
number={3},
pages={930-945},
year={1993},
}

@article{Cy1,
author={G. Cybenko},
journal={Approximation theory and its applications},
title={Approximations by superpositions of sigmoidal functions},
volume={9},
number={3},
pages={17-28},
year={1989},
}

@article{HOR1,
author={K. Hornik and M. Stinchcombe and H. White},
journal={Neural networks},
title={Multilayer feedforward networks are universal approximators},
volume={2},
number={5},
pages={359-366},
year={1989},
}

@article{ChenChen,
  title={Universal approximation to nonlinear operators by neural networks with arbitrary activation functions and its application to dynamical systems},
  author={Chen, Tianping and Chen, Hong},
  journal={IEEE Transactions on Neural Networks},
  volume={6},
  number={4},
  pages={911--917},
  year={1995},
  publisher={IEEE}
}

@article{deeponets,
  title={{DeepONet}: {L}earning nonlinear operators for identifying differential equations based on the universal approximation theorem of operators},
  author={Lu, Lu and Jin, Pengzhan and Karniadakis, George Em},
  journal={arXiv preprint arXiv:1910.03193},
  year={2019}
}

@unpublished{donet2,
author={Z. Mao and L. Lu and O. Marxen and T. Zaki and G. E. Karniadakis},
title={Deep{M}and{M}net for hypersonics: {P}redicting the coupled flow and finite-rate chemistry behind a normal shock using neural-network approximation of operators},
note={Preprint, available from arXiv:2011.03349v1},
year={2020},
}


@article{donet3,
  title={DeepM\&Mnet: Inferring the electroconvection multiphysics fields based on operator approximation by neural networks},
  author={Cai, Shengze and Wang, Zhicheng and Lu, Lu and Zaki, Tamer A and Karniadakis, George Em},
  journal={Journal of Computational Physics},
  volume={436},
  pages={110296},
  year={2021},
  publisher={Elsevier}
}

@article{donet4,
  title={Operator learning for predicting multiscale bubble growth dynamics},
  author={Lin, Chensen and Li, Zhen and Lu, Lu and Cai, Shengze and Maxey, Martin and Karniadakis, George Em},
  journal={The Journal of Chemical Physics},
  volume={154},
  number={10},
  pages={104118},
  year={2021},
  publisher={AIP Publishing LLC}
}


@article{Yar1,
  title={Error bounds for approximations with deep {ReLU} networks},
  author={Yarotsky, Dmitry},
  journal={Neural Networks},
  volume={94},
  pages={103--114},
  year={2017},
  publisher={Elsevier}
}

@unpublished{DLM1,
author={T. DeRyck and S. Lanthaler and S. Mishra},
title={On the approximation of functions by Tanh neural networks},
note={Preprint, available from arXiv:2104:08938v1},
year={2021},
} 

@book{stein1970singular,
 author = {Stein, Elias M.},
 publisher = {Princeton University Press},
 title = {Singular Integrals and Differentiability Properties of Functions},
 year = {1970}
}

@article{boyd2005fourier,
author = {Boyd, John P.},
title = {{F}ourier Embedded Domain Methods: {E}xtending a Function Defined on an Irregular Region to a Rectangle so That the Extension is Spatially Periodic and {C} infinity},
year = {2005},
issue_date = {February, 2005},
publisher = {Elsevier Science Inc.},
address = {USA},
volume = {161},
number = {2},
journal = {Appl. Math. Comput.},
pages = {591â€“597}
}

@article{rogers2006degree,
title = {Degree-independent {S}obolev extension on locally uniform domains},
journal = {Journal of Functional Analysis},
volume = {235},
number = {2},
pages = {619-665},
year = {2006},
author = {Luke G. Rogers}
}

@article{bruno2010highorder1,
title = {High-order unconditionally stable {FC-AD} solvers for general smooth domains {I}. {B}asic elements},
journal = {Journal of Computational Physics},
volume = {229},
number = {6},
pages = {2009-2033},
year = {2010},
author = {Oscar P. Bruno and Mark Lyon}
}

@article{bruno2010highorder2,
title = {High-order unconditionally stable {FC-AD} solvers for general smooth domains {II}. {E}lliptic, parabolic and hyperbolic {PDEs}; theoretical considerations},
journal = {Journal of Computational Physics},
volume = {229},
number = {9},
pages = {3358-3381},
year = {2010},
author = {Mark Lyon and Oscar P. Bruno}
}